@misc{aevi:internacional,
		title = "El videojuego en el mundo",
  		author = "Asociación Española de Videojuegos",
		howpublished = {URL: \url{http://www.aevi.org.es/la-industria-del-videojuego/en-el-mundo/}},
  		year = 2020,
  		note = "Último acceso: 03/07/2021"
}


@misc{aevi:nacional,
		title = "El videojuego en España",
  		author = "Asociación Española de Videojuegos",
		howpublished = {URL: \url{http://www.aevi.org.es/la-industria-del-videojuego/en-espana/}},
  		year = 2020,
  		note = "Último acceso: 03/07/2021"
}

@misc{hardz:motgraf,
		title = "Motores gráficos: qué son y por qué son tan útiles",
  		author = "Manuel Santos",
		howpublished = {URL: \url{https://hardzone.es/2018/05/06/motor-grafico-juegos/}},
		month = may,
  		year = 2018,
  		note = "Último acceso: 04/07/2021"
}

@misc{vand:mejmotgraf,
		title = "Los 11 mejores motores gráficos para introducirse en el desarrollo de videojuegos",
  		author = "Manuel Delgado",
		howpublished = {URL: \url{https://vandal.elespanol.com/reportaje/los-11-mejores-motores-graficos-para-introducirse-en-el-desarrollo-de-videojuegos}},
		month = feb,
  		year = 2021,
  		note = "Último acceso: 04/07/2021"
}

@misc{doc:scene,
		title = "Escena",
  		author = "Unity Documentation",
		howpublished = {URL: \url{https://docs.unity3d.com/es/2020.1/Manual/CreatingScenes.html}},
  		year = 2020,
  		note = "Último acceso: 04/07/2021"
}

@misc{doc:gameobject,
		title = "GameObject",
  		author = "Unity Documentation",
		howpublished = {URL: \url{https://docs.unity3d.com/es/2019.4/Manual/class-GameObject.html}},
  		year = 2019,
  		note = "Último acceso: 04/07/2021"
}

@misc{doc:transform,
		title = "Transform",
  		author = "Unity Documentation",
		howpublished = {URL: \url{https://docs.unity3d.com/es/2021.1/Manual/class-Transform.html}},
  		year = 2021,
  		note = "Último acceso: 04/07/2021"
}

@misc{doc:component,
		title = "Introducción a los componentes",
  		author = "Unity Documentation",
		howpublished = {URL: \url{https://docs.unity3d.com/es/2019.3/Manual/Components.html}},
  		year = 2019,
  		note = "Último acceso: 04/07/2021"
}

@misc{doc:scripts,
		title = "Creando y usando scripts",
  		author = "Unity Documentation",
		howpublished = {URL: \url{https://docs.unity3d.com/es/2021.1/Manual/CreatingAndUsingScripts.html}},
  		year = 2021,
  		note = "Último acceso: 04/07/2021"
}

@misc{doc:meshrenderers,
		title = "Mesh Renderer",
  		author = "Unity Documentation",
		howpublished = {URL: \url{https://docs.unity3d.com/es/2020.1/Manual/class-MeshRenderer.html}},
  		year = 2020,
  		note = "Último acceso: 04/07/2021"
}

@misc{doc:colliders,
		title = "Colliders",
  		author = "Unity Documentation",
		howpublished = {URL: \url{https://docs.unity3d.com/es/2019.1/Manual/CollidersOverview.html}},
  		year = 2019,
  		note = "Último acceso: 04/07/2021"
}

@misc{doc:meshcolliders,
		title = "Mesh Colliders",
  		author = "Unity Documentation",
		howpublished = {URL: \url{https://docs.unity3d.com/es/2019.2/Manual/class-MeshCollider.html}},
  		year = 2019,
  		note = "Último acceso: 04/07/2021"
}

@misc{doc:wheelcolliders,
		title = "Wheel Colliders",
  		author = "Unity Documentation",
		howpublished = {URL: \url{https://docs.unity3d.com/es/2021.1/Manual/class-WheelCollider.html}},
  		year = 2021,
  		note = "Último acceso: 04/07/2021"
}

@misc{doc:cameras,
		title = "Cámaras",
  		author = "Unity Documentation",
		howpublished = {URL: \url{https://docs.unity3d.com/es/2019.3/Manual/CamerasOverview.html}},
  		year = 2019,
  		note = "Último acceso: 04/07/2021"
}

@misc{eduxg:perscon,
		title = "Perspectiva cónica",
  		author = "EDU Xunta - Xunta de Galicia",
		howpublished = {URL: \url{https://www.edu.xunta.gal/espazoAbalar/sites/espazoAbalar/files/datos/1464946300/contido/9_perspectiva_cnica.html}},
  		note = "Último acceso: 04/07/2021"
}

@misc{doc:cinemachine,
		title = "About Cinemachine",
  		author = "Unity Docs",
		howpublished = {URL: \url{https://docs.unity3d.com/Packages/com.unity.cinemachine@2.1/manual/index.html}},
  		year = 2017,
  		note = "Último acceso: 04/07/2021"
}

@misc{doc:lights,
		title = "Lights (luces)",
  		author = "Unity Documentation",
		howpublished = {URL: \url{https://docs.unity3d.com/es/2021.1/Manual/Lights.html}},
  		year = 2021,
  		note = "Último acceso: 04/07/2021"
}

@misc{doc:physics,
		title = "Física",
  		author = "Unity Documentation",
		howpublished = {URL: \url{https://docs.unity3d.com/es/2019.3/Manual/PhysicsSection.html}},
  		year = 2019,
  		note = "Último acceso: 04/07/2021"
}

@misc{doc:rigidbody,
		title = "Rigidbody",
  		author = "Unity Documentation",
		howpublished = {URL: \url{https://docs.unity3d.com/es/2021.1/Manual/RigidbodiesOverview.html}},
  		year = 2021,
  		note = "Último acceso: 04/07/2021"
}

@misc{doc:assets,
		title = "Assets, Objects and serialization",
  		author = "Unity Learn",
		howpublished = {URL: \url{https://learn.unity.com/tutorial/assets-resources-and-assetbundles}},
  		year = 2018,
  		note = "Último acceso: 04/07/2021"
}

@misc{doc:prefabs,
		title = "Prefabs",
  		author = "Unity Documentation",
		howpublished = {URL: \url{https://docs.unity3d.com/es/2018.2/Manual/Prefabs.html}},
  		year = 2018,
  		note = "Último acceso: 04/07/2021"
}

@misc{doc:renderer,
		title = "Renderizado en tiempo real en 3D",
  		author = "Unity",
		howpublished = {URL: \url{https://unity3d.com/es/real-time-rendering-3d}},
		year = 2021,
  		note = "Último acceso: 04/07/2021"
}

@misc{doc:input,
		title = "Input",
  		author = "Unity Documentation",
		howpublished = {URL: \url{https://docs.unity3d.com/es/2017.1/Manual/Input.html}},
  		year = 2017,
  		note = "Último acceso: 04/07/2021"
}

@misc{doc:sound,
		title = "Audio",
  		author = "Unity Documentation",
		howpublished = {URL: \url{https://docs.unity3d.com/es/2018.1/Manual/class-AudioManager.html}},
  		year = 2018,
  		note = "Último acceso: 04/07/2021"
}

@misc{wikij:arcade,
		title = "Arcade (género)",
  		author = "Wikijuegos",
		howpublished = {URL: \url{https://videojuegos.fandom.com/es/wiki/Arcade_(g\%C3\%A9nero)}},
		year = 2021,
  		note = "Último acceso: 04/07/2021"
}

@misc{latex,
		title = "LaTeX - A document preparation system",
  		author = "The LaTeX Project",
		howpublished = {URL: \url{https://www.latex-project.org/}},
		year = 2021,
  		note = "Último acceso: 04/07/2021"
}

@misc{texmaker,
		title = "Texmaker - Free cross-platform LaTeX editor",
  		author = "Pascal Brachet",
		howpublished = {URL: \url{https://www.xm1math.net/texmaker/}},
  		note = "Último acceso: 04/07/2021"
}

@misc{blender,
		title = "Blender",
  		author = "Blender",
		howpublished = {URL: \url{https://www.blender.org/about/}},
		year = 2021,
  		note = "Último acceso: 04/07/2021"
}

@misc{itaca,
		title = "ITACA arranca de forma online",
  		author = "UBU",
		howpublished = {URL: \url{https://www.ubu.es/noticias/itaca-arranca-de-forma-online}},
		month = mar,
  		year = 2020,
  		note = "Último acceso: 04/07/2021"
}

@misc{itaca:tfg,
		title = "Un videojuego de ingeniería en clave femenina",
  		author = "E. Lera",
		howpublished = {URL: \url{https://diariodevalladolid.elmundo.es/articulo/innovadores/videojuego-ingenieria-clave-femenina/20200422180931378664.html}},
		month = apr,
  		year = 2020,
  		note = "Último acceso: 04/07/2021"
}

@misc{itaca:jornadas,
		title = "Jornadas de creación de videojuegos en el entorno universitario",
  		author = "ÍTACA",
		howpublished = {URL: \url{https://youtu.be/13em_VtbpGE?t=4112}},
		month = jun,
  		year = 2021,
  		note = "Último acceso: 04/07/2021"
}