@misc{testapi,
		title = "Prueba el código de tu juego con Unity Test Framework",
  		author = "Unity",
		howpublished = {URL: \url{https://unity.com/es/how-to/unity-test-framework-video-game-development}},
  		year = 2021,
  		note = "Último acceso: 06/07/2021"
}